<?xml version="1.0" encoding="utf-8"?>
<record xmlns="http://www.loc.gov/MARC21/slim" xmlns:xsi="http://www.w3.org/2001/XMLSchema-instance" xsi:schemaLocation="http://www.loc.gov/MARC21/slim http://www.loc.gov/standards/marcxml/schema/MARC21slim.xsd">
	<leader>     nam a22     Mi 4500</leader>
	<controlfield tag="001">b19160501</controlfield>
	<controlfield tag="003">UaCaAUL</controlfield>
	<controlfield tag="006">m        d        </controlfield>
	<controlfield tag="007">cr cn |||m|||a</controlfield>
	<controlfield tag="008">191001s1949    ua      ob    001 0 ara  </controlfield>
	<datafield ind1=" " ind2=" " tag="040">
		<subfield code="a">ZYU</subfield>
		<subfield code="b">ara</subfield>
		<subfield code="e">rda</subfield>
		<subfield code="c">ZYU</subfield>
	</datafield>
	<datafield ind1=" " ind2=" " tag="043">
		<subfield code="a">a-sy---</subfield>
	</datafield>
	<datafield ind1="0" ind2="0" tag="050">
		<subfield code="a">DS97.2</subfield>
		<subfield code="b">.N285 1949</subfield>
	</datafield>
	<datafield ind1="1" ind2=" " tag="100">
		<subfield code="6">880-01</subfield>
		<subfield code="a">Najjār, Muḥammad al-Ṭayyib,</subfield>
		<subfield code="e">author.</subfield>
	</datafield>
	<datafield ind1="1" ind2="3" tag="245">
		<subfield code="6">880-02</subfield>
		<subfield code="a">al-Mawālī fī al-ʻAṣr al-Umawī :</subfield>
		<subfield code="b">ṣafaḥāt min tārīkh al-ṣirāʻ bayna al-ʻaṣabīyah wa-al-dīn.Wa mudhayyal bi-baḥth ʻan al-riqq wa-al-walāʼ fī al-Islām/</subfield>
		<subfield code="c">bi-qalam Muḥammad al-Ṭayyib al-Najjār al-ḥāʼiz li-darajat al-ustādhīyah fī al-tārīkh al-Islāmī wa-ustādh al-tārīkh bi-al-Azhar al-sharīf.</subfield>
	</datafield>
	<datafield ind1="3" ind2="0" tag="246">
		<subfield code="6">880-03</subfield>
		<subfield code="a">Ṣafaḥāt min tārīkh al-ṣirāʻ bayna al-ʻaṣabīyah wa-al-dīn</subfield>
	</datafield>
	<datafield ind1=" " ind2=" " tag="250">
		<subfield code="6">880-04</subfield>
		<subfield code="a">al-Ṭabʻah al-ūlá.</subfield>
	</datafield>
	<datafield ind1=" " ind2="1" tag="264">
		<subfield code="6">880-05</subfield>
		<subfield code="a">[Cairo] :</subfield>
		<subfield code="b">Muḥammad al-Ṭayyib al-Najjār,</subfield>
		<subfield code="c">1368 H --1949 M.</subfield>
	</datafield>
	<datafield ind1=" " ind2="3" tag="264">
		<subfield code="6">880-06</subfield>
		<subfield code="a">[Cairo] :</subfield>
		<subfield code="b">Dār al-Nīl lil-Ṭibāʻah,</subfield>
		<subfield code="c">1949.</subfield>
	</datafield>
	<datafield ind1=" " ind2=" " tag="300">
		<subfield code="a">online resource (9, 188 pages)</subfield>
	</datafield>
	<datafield ind1=" " ind2=" " tag="336">
		<subfield code="a">text</subfield>
		<subfield code="2">rdacontent</subfield>
	</datafield>
	<datafield ind1=" " ind2=" " tag="337">
		<subfield code="a">computer</subfield>
		<subfield code="2">rdamedia</subfield>
	</datafield>
	<datafield ind1=" " ind2=" " tag="338">
		<subfield code="a">online resource</subfield>
		<subfield code="2">rdacarrier</subfield>
	</datafield>
	<datafield ind1=" " ind2=" " tag="500">
		<subfield code="6">880-07</subfield>
		<subfield code="a">''ṣafaḥāt min tārīkh al-ṣirāʼ bayna al-ʻaṣabīyah wa-al-dīn '' : at head of titale</subfield>
	</datafield>
	<datafield ind1=" " ind2=" " tag="500">
		<subfield code="a">Part of the Arabic Collections Online (ACO) project, contributed by American University in Cairo Library.</subfield>
	</datafield>
	<datafield ind1=" " ind2=" " tag="504">
		<subfield code="a">Includes bibliographical references (pages 183-188) and indexes.</subfield>
	</datafield>
	<datafield ind1=" " ind2=" " tag="500">
		<subfield code="6">880-08</subfield>
		<subfield code="a">Ḥuqūq al-ṭabʻ maḥfūẓah lil-muʻallif</subfield>
	</datafield>
	<datafield ind1=" " ind2=" " tag="520">
		<subfield code="a">Client and patron; Islamic Empire; history, Omayyads Era, 661-750.</subfield>
	</datafield>
	<datafield ind1=" " ind2=" " tag="533">
		<subfield code="a">Electronic reproduction.</subfield>
		<subfield code="b">New York, N.Y. :</subfield>
		<subfield code="c">New York University,</subfield>
		<subfield code="d">2019.</subfield>
		<subfield code="5">NNU</subfield>
	</datafield>
	<datafield ind1="3" ind2="0" tag="600">
		<subfield code="a">Umayyad dynasty.</subfield>
	</datafield>
	<datafield ind1=" " ind2="0" tag="650">
		<subfield code="a">Slavery</subfield>
		<subfield code="z">Islamic Empire.</subfield>
	</datafield>
	<datafield ind1=" " ind2="0" tag="651">
		<subfield code="a">Damascus (Syria)</subfield>
		<subfield code="x">History.</subfield>
	</datafield>
	<datafield ind1="3" ind2="7" tag="600">
		<subfield code="a">Umayyad dynasty.</subfield>
		<subfield code="2">fast</subfield>
		<subfield code="0">(OCoLC)fst00216801</subfield>
	</datafield>
	<datafield ind1=" " ind2="7" tag="650">
		<subfield code="a">Slavery.</subfield>
		<subfield code="2">fast</subfield>
		<subfield code="0">(OCoLC)fst01120426</subfield>
	</datafield>
	<datafield ind1=" " ind2="7" tag="651">
		<subfield code="a">Islamic Empire.</subfield>
		<subfield code="2">fast</subfield>
		<subfield code="0">(OCoLC)fst01244134</subfield>
	</datafield>
	<datafield ind1=" " ind2="7" tag="651">
		<subfield code="a">Syria</subfield>
		<subfield code="z">Damascus.</subfield>
		<subfield code="2">fast</subfield>
		<subfield code="0">(OCoLC)fst01207112</subfield>
	</datafield>
	<datafield ind1=" " ind2="7" tag="655">
		<subfield code="a">History.</subfield>
		<subfield code="2">fast</subfield>
		<subfield code="0">(OCoLC)fst01411628</subfield>
	</datafield>
	<datafield ind1="2" ind2=" " tag="710">
		<subfield code="a">American University in Cairo.</subfield>
		<subfield code="b">Library.</subfield>
	</datafield>
	<datafield ind1="0" ind2=" " tag="730">
		<subfield code="a">Arabic Collections Online.</subfield>
	</datafield>
	<datafield ind1="0" ind2="8" tag="776">
		<subfield code="i">Print version:</subfield>
		<subfield code="a">Najjār, Muḥammad al-Ṭayyib, author.</subfield>
		<subfield code="t">al-Mawālī fī al-ʻAṣr al-Umawī</subfield>
		<subfield code="w">(UaCaAUL)b19160501</subfield>
		<subfield code="w">(DLC)   90962464 </subfield>
		<subfield code="w">(OCoLC)40125723</subfield>
	</datafield>
	<datafield ind1="4" ind2="0" tag="856">
		<subfield code="u">http://hdl.handle.net/2333.1/nzs7hd17</subfield>
	</datafield>
	<datafield ind1="1" ind2=" " tag="880">
		<subfield code="6">100-01</subfield>
		<subfield code="a">نجار، محمد الطيب،</subfield>
		<subfield code="e">author.</subfield>
	</datafield>
	<datafield ind1="1" ind2="2" tag="880">
		<subfield code="6">245-02</subfield>
		<subfield code="a">الموالي في العصر الاموي :</subfield>
		<subfield code="b">صفحات من تاريخ الصراع بين العصبية والدين.و مذيل ببحث عن الرق والولاء في الاسلام/</subfield>
		<subfield code="c">بقلم محمد الطيب النجار الحائز لدرجة الأستاذية في التاريخ الإسلامي وأستاذ التاريخ بالأزهر الشريف</subfield>
	</datafield>
	<datafield ind1="3" ind2="0" tag="880">
		<subfield code="6">246-03</subfield>
		<subfield code="a">صفحات من تاريخ الصراع بين العصبية والدين</subfield>
	</datafield>
	<datafield ind1=" " ind2=" " tag="880">
		<subfield code="6">250-04</subfield>
		<subfield code="a">الطبعة الأولى.</subfield>
	</datafield>
	<datafield ind1=" " ind2="1" tag="880">
		<subfield code="6">264-05</subfield>
		<subfield code="a">[Cairo] :</subfield>
		<subfield code="b">محمد الطيب النجار،</subfield>
		<subfield code="c">1368 ه 1949 م.</subfield>
	</datafield>
	<datafield ind1=" " ind2="3" tag="880">
		<subfield code="6">264-06</subfield>
		<subfield code="a">[Cairo] :</subfield>
		<subfield code="b">دار النيل للطباعة،</subfield>
		<subfield code="c">1949.</subfield>
	</datafield>
	<datafield ind1=" " ind2=" " tag="880">
		<subfield code="6">500-07</subfield>
		<subfield code="a">''صفحات من تاريخ الصراع بين العصبية والدين '' : at head of titale</subfield>
	</datafield>
	<datafield ind1=" " ind2=" " tag="880">
		<subfield code="6">500-08</subfield>
		<subfield code="a">حقوق الطبع محفوظة للمؤلف</subfield>
	</datafield>
	<datafield ind1=" " ind2=" " tag="959">
		<subfield code="a">NNU</subfield>
		<subfield code="b">WEB</subfield>
		<subfield code="c">GENI</subfield>
		<subfield code="t">0</subfield>
		<subfield code="m">Electronic access</subfield>
		<subfield code="s">01</subfield>
	</datafield>
	<datafield ind1=" " ind2=" " tag="999">
		<subfield code="i">UaCaAUL_b19160501</subfield>
		<subfield code="o">(OCoLC)ocm40125723 </subfield>
		<subfield code="s">auc_aco000604</subfield>
	</datafield>
</record>
